@misc{howard, 
title={Chapter 2 - Kinetic Theory}, 
website={https://people.physics.anu.edu.au/~jnh112/AIIM/c17/chap02.pdf},
author={Howard, John}} 